@book{kincaid,
    author    = {David Kincaid and Ward Cheney},
    title     = {Numerical Analysis: Mathematics of Scientific Computing},
    publisher = {The Sally Series; Pure and Applied Undergraduate Texts, Vol. 2},
    year      = {2009},
    address   = {Pacific Grove, CA},
    edition   = {3rd ed.},
    note      = {Theorems 1, 2, 6, p. 210-216}
}